<?xml version="1.0" encoding="UTF-8"?><record xmlns="http://www.loc.gov/MARC21/slim" xmlns:cinclude="http://apache.org/cocoon/include/1.0" xmlns:zs="http://www.loc.gov/zing/srw/">
  <leader>01309cz  a2200205n  4500</leader>
  <controlfield tag="001">nr2001027709</controlfield>
  <controlfield tag="003">DLC</controlfield>
  <controlfield tag="005">20150305073821.0</controlfield>
  <controlfield tag="008">010712n| azannaabn          |a aaa     c</controlfield>
  <datafield tag="010" ind1=" " ind2=" ">
    <subfield code="a">nr2001027709</subfield>
  </datafield>
  <datafield tag="035" ind1=" " ind2=" ">
    <subfield code="a">(OCoLC)oca05534025</subfield>
  </datafield>
  <datafield tag="040" ind1=" " ind2=" ">
    <subfield code="a">CtY-Mus</subfield>
    <subfield code="b">eng</subfield>
    <subfield code="e">rda</subfield>
    <subfield code="c">CtY-Mus</subfield>
    <subfield code="d">PPi-MA</subfield>
    <subfield code="d">DLC</subfield>
    <subfield code="d">NRU-Mus</subfield>
  </datafield>
  <datafield tag="100" ind1="1" ind2=" ">
    <subfield code="a">Beethoven, Ludwig van,</subfield>
    <subfield code="d">1770-1827.</subfield>
    <subfield code="t">Sonatas,</subfield>
    <subfield code="m">horn, piano,</subfield>
    <subfield code="n">op. 17,</subfield>
    <subfield code="r">F major;</subfield>
    <subfield code="o">arranged</subfield>
  </datafield>
  <datafield tag="400" ind1="1" ind2=" ">
    <subfield code="a">Beethoven, Ludwig van,</subfield>
    <subfield code="d">1770-1827.</subfield>
    <subfield code="t">Quintets,</subfield>
    <subfield code="m">violins (2), viola, cello, double bass,</subfield>
    <subfield code="n">op. 17,</subfield>
    <subfield code="r">F major</subfield>
  </datafield>
  <datafield tag="400" ind1="1" ind2=" ">
    <subfield code="a">Beethoven, Ludwig van,</subfield>
    <subfield code="d">1770-1827.</subfield>
    <subfield code="t">Sonatas,</subfield>
    <subfield code="m">bassoon, piano,</subfield>
    <subfield code="n">op. 17,</subfield>
    <subfield code="r">F major</subfield>
  </datafield>
  <datafield tag="400" ind1="1" ind2=" ">
    <subfield code="a">Beethoven, Ludwig van,</subfield>
    <subfield code="d">1770-1827.</subfield>
    <subfield code="t">Sonatas,</subfield>
    <subfield code="m">English horn, piano,</subfield>
    <subfield code="n">op. 17,</subfield>
    <subfield code="r">F major</subfield>
  </datafield>
  <datafield tag="400" ind1="1" ind2=" ">
    <subfield code="a">Beethoven, Ludwig van,</subfield>
    <subfield code="d">1770-1827.</subfield>
    <subfield code="t">Sonatas,</subfield>
    <subfield code="m">flute, piano,</subfield>
    <subfield code="n">op. 17,</subfield>
    <subfield code="r">F major</subfield>
  </datafield>
  <datafield tag="400" ind1="1" ind2=" ">
    <subfield code="w">nnea</subfield>
    <subfield code="a">Beethoven, Ludwig van,</subfield>
    <subfield code="d">1770-1827.</subfield>
    <subfield code="t">Sonatas,</subfield>
    <subfield code="m">horn, piano,</subfield>
    <subfield code="n">op. 17,</subfield>
    <subfield code="r">F major;</subfield>
    <subfield code="o">arr.</subfield>
  </datafield>
  <datafield tag="400" ind1="1" ind2=" ">
    <subfield code="a">Beethoven, Ludwig van,</subfield>
    <subfield code="d">1770-1827.</subfield>
    <subfield code="t">Sonatas,</subfield>
    <subfield code="m">violin, piano,</subfield>
    <subfield code="n">op. 17,</subfield>
    <subfield code="r">F major</subfield>
  </datafield>
  <datafield tag="670" ind1=" " ind2=" ">
    <subfield code="a">Beethoven, L. Quintett in F-Dur fuĚr 2 Violinen, Viola, Violoncello, und Bass, op. 17, 1994:</subfield>
    <subfield code="b">t.p. (Quintett in F-Dur fuĚr 2 Violinen, Viola, Violoncello, und Bass, op. 17 = Quintet in F major for two violins, viola, violoncello and bass) p. 2 of cover (quintet transcription of the horn sonata)</subfield>
  </datafield>
</record>